 @misc{noaa, title={A Model Based on Ocean and Atmosphere Interactions}, url={https://celebrating200years.noaa.gov/breakthroughs/climate_model/welcome.html}, journal={NOAA 200th Top Tens: Breakthroughs}, author={National Oceanic and Atmospheric Administration}, year={2006}, month={Dec}} 

 @BOOK{superforecasters,
  title     = "Superforecasting: The art and science of prediction",
  author    = "Tetlock, Philip E and Gardner, Dan",
  publisher = "Crown Publishing Group",
  year      =  2015
}

@ARTICLE{covid19,
  title    = "'Superforecasters' are making eerily accurate predictions about
              {COVID-19}. Our leaders could learn from their approach",
  author   = "Law, Tara",
  journal  = "Time",
  year     =  2020,
  language = "en"
}

@MISC{metaculus,
  title        = "Metaculus",
  booktitle    = "Metaculus.com",
  howpublished = "https://www.metaculus.com/questions/",
  note         = "Accessed: 2022-11-19"
}

@MISC{ourworldindata,
  title        = "Our World in Data",
  booktitle    = "ourworldindata.com",
  howpublished = "https://www.ourworldindata.org",
  note         = "Accessed: 2022-11-19"
}

@MISC{onthisday,
  title        = "On This Day",
  booktitle    = "BBC",
  howpublished = "http://news.bbc.co.uk/onthisday/default.stm",
  note         = "Accessed: 2022-11-19"
}

@INCOLLECTION{calibration,
  title     = "Calibration of probabilities: The state of the art to 1980",
  booktitle = "Judgment under Uncertainty",
  author    = "Lichtenstein, Sarah and Fischhoff, Baruch and Phillips, Lawrence
               D",
  editor    = "Kahneman, Daniel and Slovic, Paul and Tversky, Amos",
  publisher = "Cambridge University Press",
  pages     = "306--334",
  year      =  1982,
  address   = "Cambridge"
}